
@inproceedings{KatsVisser2010,
  title = {The {Spoofax} Language Workbench.
           {Rules} for Declarative Specification of Languages and {IDEs}},
  author = {Lennart C. L. Kats and Eelco Visser},
  year = {2010},
  tags = {Spoofax, language workbench},
  booktitle = {Proceedings of the 25th Annual ACM SIGPLAN Conference on
               Object-Oriented Programming, Systems, Languages,
               and Applications (OOPSLA 2010)},
  date = {October 17-21, 2010},
  location = {Reno, NV, USA},
  editor = {Martin Rinard},
}
